@misc{jutgeorg,
	title = {The {Jutge.org} homepage},
	howpublished = {https://www.jutge.org}
}
@MastersThesis{divuit,
    author     =     {B. Taylor},
    title     =     {Automated layout of regular fabric bricks},
    school     =     {Carneige Mellon University},
    year     =     {2005}
}
@inproceedings{nusmv2,
	author = {A. Cimatti and E. Clarke and E. Giunchiglia and F. Giunchiglia and M. Pistore and M. Roveri and R. Sebastiani and A. Tacchella},
	title = {{NuSMV} Version 2: An OpenSource Tool for Symbolic Model Checking},
	booktitle = {Proc. International Conference on Computer-Aided Verification ({CAV 2002})},
	month = {July},
	year = {2002},
	address = {Copenhagen, Denmark},
	volume = {2404},
	series = {LNCS},
	publisher = {Springer}
}
@inproceedings{lithography,
	author = {R. F. Pease and S. Y. Chou},
	title = {Lithography and other patterning techniques for future electronics},
	booktitle = {Proceedings of the IEEE},
	month = {Feb},
	year = {2008},
	volume = {96},
	number  = "2",
    pages   = "248--270",
}
@inproceedings{LDP,
	author = {W. Maly and Y.-W. Li and M. Marek-Sadowska},
	title = {OPC-free and minimally irregular IC design style},
	booktitle = {Proc. ACM/IEEE Design Automation Conference},
	year = {2007},
    pages   = "954--957"
}
@inproceedings{cook,
	author = {Stephen Cook},
	title = {The complexity of theorem-proving procedures},
	booktitle = {Proceedings of the Third Annual ACM Symposium on Theory of Computing},
	year = {1971},
    pages   = "151--158"
}
@inproceedings{joao,
	author = {Jo√£o P. Marques-Silva and Karem A. Sakallah},
	title = {Boolean satisfiability in electronic design automation},
	booktitle = {Proceedings of the 37th Annual Design Automation Conference},
	year = {2000},
    pages   = "175--180"
}
@inproceedings{cinc,
	author = {N. Ryzhenko and S. Burns},
	title = {Physical synthesis onto layout fabric with regular diffusion and polysilicon geometries},
	booktitle = {Proc. ACM/IEEE Design Automation Conference},
	year = {2011},
    pages   = "83--88",
}
@inproceedings{set,
	author = {B. Taylor and L. Pielaggi},
	title = {Exact combinatorial optimization methods for physical design of regular logic bricks},
	booktitle = {Proc. ACM/IEEE Design Automation Conference},
	year = {2007},
    pages   = "344--349",
}
@inproceedings{floorplan,
	author = {Ralph H.J.M. Otten},
	title = {Efficient floor plan optimization},
	booktitle = {Proceedings of International Conference on Computer Design},
	year = {1983},
    pages   = "499--503",
}
@inproceedings{linesearch,
	author = {K. Mikami and K. Tabuchi},
	title = {A computer program for optimal routing of printed circuit connectors},
	booktitle = {Proc. Int. Federation for Information Processing},
	year = {1986},
    pages   = "1475--1478",
}
@book{changcheng,
 editor = {Yao-Wen Chang and Kwang-Ting Cheng},
 title = {Electronic Design Automation: Synthesis, Verification, and Test},
 year = {2009},
 isbn = {0123743648},
 publisher = {Morgan Kaufmann}
}
@book{handbook,
 editor = {Charles J. Alpert and Dinesh P. Mehta and Sachin S. Sapatnekar},
 title = {Handbook of Algorithms for Physical Design Automation},
 year = {2009},
 isbn = {978-0-8493-7242-1},
 publisher = {CRC Press}
}
@inbook{partitionchapter,
 author = {Chu, Chris},
 editor = {Yao-Wen Chang and Kwang-Ting Cheng},
 title = {Electronic Design Automation: Synthesis, Verification, and Test},
 year = {2009},
 chapter = {11, Placement},
 isbn = {0123743648},
 publisher = {Morgan Kaufmann}
}
@article{quine,
	author = {Willard V. Quine},
	title = {The Problem of Simplyfing Truth Functions},
	journal = {American Mathematical Monthly},
	volume = {59},
	number  = "8",
	year = {1952},
    pages   = "521--531"
}
@article{mccluskey,
	author = {Edward J. McCluskey},
	title = {Minimization of Boolean Functions},
	journal = {The Bell Systems Technical Journal},
	volume = {35},
	year = {1956},
	number  = "5",
    pages   = "1417--1444",
	howpublished = {http://www3.alcatel-lucent.com/bstj/vol35-1956/articles/bstj35-6-1417.pdf}
}
@article{espresso,
	author = {Richard L. Rudell},
	title = {Multiple-Valued Logic Minimization for PLA Synthesis},
	journal = {Memorandum No. UCB/ERL M86/65},
	year = {1986},
	howpublished = {http://www.eecs.berkeley.edu/Pubs/TechRpts/1986/ERL-86-65.pdf}
}
@article{tutorialpartitioning,
	author = {Sao-Jie Chen and Chung-Kuan Cheng},
	title = {Tutorial on VLSI Partitioning},
	journal = {VLSI Design},
	year = {2000},
	howpublished = {http://cseweb.ucsd.edu/classes/wi09/cse242a/partition/part.pdf}
}
@article{hallplacer,
	author = {K. M. Hall},
	title = {An r-dimensional quadratic placement algorithm},
	journal = {Management Science},
	volume = {17},
	year = {1970},
	number  = "3",
    pages   = "219--229"
}
@article{placementprocedure,
	author = {A. E. Dunlop and Brian W. Kernighan},
	title = {A procedure for placement of standard-cell VLSI circuit},
	journal = {IEEE Transactions of Circuits and Systems},
	volume = {4},
	year = {1985},
	number  = "1",
    pages   = "92--98"
}
@article{routabilitydrivenplacement,
	author = {Meng-Kai Hsu},
	title = {Routability-driven analytical placement for mixed-size circuit designs},
	journal = {IEEE/ACM International Conference on Computer-Aided Design (ICCAD)},
	year = {2011},
    pages   = "80--84"
}
@article{tseitin,
	author = {G.S. Tseitin},
	title = {On the complexity of derivation in propositional calculus},
	journal = {Structures in Constructive Mathematics and Mathematical Logic, Part II, Seminars in Mathematics},
	year = {1968},
    pages   = "115--125",
}
@article{roberto,
	author = {Roberto Nieuwenhuis and Albert Oliveras and Cesare Tinelli},
	title = {Solving SAT and SAT Modulo Theories: from an Abstract Davis-Putnam-Logemann-Loveland Procedure to DPLL(T)},
	journal = {Journal of the ACM},
	volume = {53},
	year = {2006},
	number  = "6",
    pages   = "937--977",
}
@article{vuit,
	author = {W. Hung and X. Song and T. Kam and L. Cheng and G. Yang},
	title = {Routability checking for three-dimensional architectures},
	journal = {IEEE Transactions on VLSI Systems},
	volume = {12},
	year = {2004},
	number  = "12",
    pages   = "1371--1374",
}
@article{lee,
	author = {C. Y. Lee},
	title = {An algorithm for path connection and its application},
	journal = {IRE. Trans. on Electronic Computer},
	volume = {10},
	year = {1961},
    pages   = "346--365",
}
@article{partitioning,
	author = {Brian W. Kernighan and Shen Lin},
	title = {An efficient heuristic procedure for partitoning graphs},
	journal = {Bell System Technical Journal},
	volume = {49},
	number = {2},
	year = {1979},
    pages   = "291--307",
}
@article{astrella,
	author = {P. E. Hart and N. J. Nilsson and B. Raphael},
	title = {A formal basis for the heuristic determination of minimum cost paths},
	journal = {IEEE Trans. on Systems Science and Cybernetics},
	volume = {4},
	number = {2},
	year = {1968},
    pages   = "100--107",
}
@article{boxrouter,
	author = {M. Cho and K. Lu and K. Yuan and D. Z. Pan},
	title = {BoxRouter 2.0: Architecture and Implementation of a Hybrid and Robust Global Router},
	journal = {IEEE/ACM International Conference on Computer-Aided Design (ICCAD)},
	year = {2007},
    pages   = "503--508"
}


@article{moorelaw,
    Author = {Gordon E. Moore},
    Journal = {Electronics (magazine)},
    Title = {Cramming more components onto integrated circuits},
    Year = {1965}
}
